@book{Christian2007,
  title={Open source physics: A user's guide with examples},
  author={Christian, W.},
  year={2007},
  publisher={Pearson Education}
}