@article{BernsteinHallTrent1958,
  title={On the dynamics of a bull whip},
  author={Bernstein, B. and Hall, D.A. and Trent, H.M.},
  journal={The Journal of the Acoustical Society of America},
  volume={30},
  number={12},
  pages={1112--1115},
  year={1958},
  publisher={Acoustical Society of America}
}

@article{Preston2011,
  title={The motion of whips and chains},
  author={Preston, S.C.},
  journal={Journal of Differential Equations},
  volume={251},
  number={3},
  pages={504--550},
  year={2011},
  publisher={Elsevier}
}

@article{GorielyMcMillen2002,
  title={Shape of a cracking whip},
  author={Goriely, A. and McMillen, T.},
  journal={Physical review letters},
  volume={88},
  number={24},
  pages={244301},
  year={2002},
  publisher={APS}
}

@Mastersthesis{Telciyan2018,
  title={On the existence of the solutions for the inextensible string equations},
  author={Telciyan, A.},
  school={Graduate School of Engineering and Natural Sciences, Sabanci University},
  address = {Istambul, Turkey},
  type = {Master Thesis},
  year={2018}
}

@article{RodriguezzuritaEtal2002modos,
  title={Modos de oscilaci{\'o}n en cuerdas homog{\'e}neas por tercios},
  author={Rodr{\'\i}guez Zurita, G and Alvarado Bustos, Ram{\'o}n and Alvarado Bustos, Rub{\'e}n and Zavala Ram{\'\i}rez, LE},
  journal={Revista mexicana de f{\'\i}sica},
  volume={48},
  number={5},
  pages={463--474},
  year={2002},
  publisher={Sociedad mexicana de f{\'\i}sica}
}
